<?xml version="1.0" encoding="UTF-8"?><collection xmlns="http://www.loc.gov/MARC21/slim"><record><leader>00515nam--2200169-i-4500</leader><controlfield tag="001">000013098</controlfield><controlfield tag="002">20161230</controlfield><controlfield tag="005">20161230201030</controlfield><controlfield tag="008">060222s1000------------r-----000-0-eng-d</controlfield><datafield ind1=" " ind2=" " tag="040"><subfield code="a">IFIN-HH</subfield></datafield><datafield ind1=" " ind2=" " tag="080"><subfield code="a">539.12.043:621.3.049.774.2(043)</subfield></datafield><datafield ind1="1" ind2=" " tag="100"><subfield code="a">Clement, John Joseph</subfield></datafield><datafield ind1="1" ind2="0" tag="245"><subfield code="a">A study of radiation effects in mos capacitors</subfield><subfield code="b">Thesis</subfield><subfield code="c">John joseph clement</subfield></datafield><datafield ind1=" " ind2=" " tag="260"><subfield code="a">Ann Arbor, Michigan</subfield><subfield code="b">University Microfilms Inc</subfield><subfield code="c">1978</subfield></datafield><datafield ind1=" " ind2=" " tag="300"><subfield code="a">V + 75 P</subfield></datafield><datafield ind1=" " ind2=" " tag="852"><subfield code="a">47106</subfield><subfield code="c">539.12.04</subfield></datafield><datafield ind1=" " ind2=" " tag="CAT"><subfield code="a">Sys</subfield><subfield code="c">20120209</subfield><subfield code="h">155358</subfield></datafield></record></collection>